<record><leader>00000cas a22000007a 4500</leader><controlfield tag="001">16798850</controlfield><controlfield tag="008">871002d19801981ohumr ne      0    0eng d</controlfield><datafield ind1=" " ind2=" " tag="010"><subfield code="a">sn 87076692 </subfield></datafield><datafield ind1=" " ind2=" " tag="040"><subfield code="a">ONP</subfield><subfield code="b">eng</subfield><subfield code="c">ONP</subfield><subfield code="d">OCLCQ</subfield></datafield><datafield ind1=" " ind2=" " tag="042"><subfield code="a">msc</subfield></datafield><datafield ind1="0" ind2=" " tag="130"><subfield code="a">Mirror (Maumee, Ohio : 1980)</subfield></datafield><datafield ind1="1" ind2="4" tag="245"><subfield code="a">The Mirror.</subfield></datafield><datafield ind1=" " ind2=" " tag="260"><subfield code="a">Maumee, Ohio :</subfield><subfield code="b">Marlene J. McCarthy,</subfield><subfield code="c">-1981.</subfield></datafield><datafield ind1=" " ind2=" " tag="310"><subfield code="a">Monthly</subfield></datafield><datafield ind1="0" ind2=" " tag="362"><subfield code="a">Vol. 1, no. 8 (Oct., 1980) -v. 2, no. 5 (May, 1981).</subfield></datafield><datafield ind1=" " ind2=" " tag="752"><subfield code="a">United States</subfield><subfield code="b">Ohio</subfield><subfield code="c">Lucas</subfield><subfield code="d">Maumee.</subfield></datafield><datafield ind1="0" ind2="0" tag="785"><subfield code="t">Community mirror</subfield><subfield code="w">(DLC)sn 87076693</subfield></datafield></record>